fFormatted according to: http://en.wikipedia.org/wiki/Bibtex (BV, AH Aug 2010)
                  
CONVENTIONS:

5235, Please follow these:

  List DocDB notes like:

  note = {LBNE DocDB 1234}

or

  note = {LBNE DocDB 1234-v5}

A note on comments.  EVERYTHING outside of an "at" block is a comment.
You can comment out an "at" block by deleting the "at" character.
Do not put any type of comments inside an "at" block. They are not allowed.

You will see indications below about vol/chapter numbers but the order 
in this file does not actually matter.                  
                  
A note on authors, spell out the full names and separate them with 
the word "and".  If the author list is too long to write everyone then
end it with "and others" and NOT "et al".  The style will take care of 
things like only showing first initial and changing "and others" to 
"et al".  To make anything literal surround it in {}'s.

For help with bibtex see:

http://nwalsh.com/tex/texhelp/bibtx-23.html
http://amath.colorado.edu/documentation/LaTeX/reference/faq/bibstyles.html
http://amath.colorado.edu/documentation/LaTeX/reference/faq/bibstyles.pdf
                  
                  
@misc{ref:NA61Proposal,
title="{Study of Hadron Production in Hadron-Nucleus and Nucleus-Nucleus Collisions at the CERN SPS; CERN-SPSC-2006-034}",
note = "\url{http://cds.cern.ch/record/995681?ln=en}",
year = {2006},
}
@misc{ref:NA61Addendum,
title="{Hadron Production Measurements for Fermilab Neutrino Beams: CERN-SPSC-2014-032}",
note = "\url{https://cds.cern.ch/record/1955140/files/}",
year = {2014},
}


@misc{annex:disambiguation,
title="{FIXME}",
note = {FIXME},
year = {FIXME},
}

------------- updated CDR volumes + annexes ---------------

@techreport{design-doc-lbnf-dune,
author={LBNF/DUNE},
title={{Design Report: The LBNF and DUNE Projects}},
year={2015},
note = {DUNE Doc 597},
}

@techreport{design-doc-dune-physics,
author={{DUNE Collaboration}},
title={{DUNE/LBNF CDR Volume 2: The Physics Program for DUNE at LBNF}},
year={2015},
note = {DUNE Doc 181},
}

@techreport{design-doc-lbnf,
author={LBNF Project},
title={{Design Report: The Long-Baseline Neutrino Facility for DUNE}},
year={2015},
note = {DUNE Doc 599},
}


@techreport{design-doc-dune-det,
author={{DUNE Collaboration}},
title={{DUNE/LBNF CDR Volume 4: The DUNE Detectors at LBNF}},
year={2015},
note = {DUNE Doc 183},
}

@techreport{lbnf-cf-pdr,
author={LBNF Project},
title={{LBNF Far Site Conventional Facilities Preliminary Design Report (PDR)}},
year={2015},
note = {DUNE Doc 598},
}


@techreport{cryo-design-rpt,
author={LBNF Project},
title={{The LBNF Cryogenics Infrastructure at the Far Site}},
year={2015},
note = {DUNE Doc 602},
}


------------- end updated CDR volumes + annexes ---------------


@techreport{cd-1-r-cdr,
author={LBNF/DUNE},
title={{LBNF/DUNE Conceptual Design Report (CDR)}},
year={2015},
note = {DUNE Doc 180-183},
}

@misc{p5report2014,
author = {{Particle Physics Project Prioritization Panel}},
title =  "{Building for Discovery; Strategic Plan for U.S. Particle Physics in the Global Context}",
year = {2014},
note = {\url{http://science.energy.gov/~/media/hep/hepap/pdf/May%202014/FINAL_P5_Report_Interactive_060214.pdf}},
}

@misc{euro-strat-2013,
author = {{CERN Council}},
title =  "{The European Strategy for Particle Physics, Update 2013}",
year = {2013},
note = {\url{http://council.web.cern.ch/council/en/EuropeanStrategy/ESParticlePhysics.html}},
}

@techreport{dune-sci-req,
author={LBNF/DUNE},
title={{LBNF/DUNE Science Requirements}},
year={2015},
note = {DUNE Doc 112},
}


@techreport{arup:fscf100pdr, 
	author={{Arup}},
	title="{LBNF FSCF 100\% Preliminary Design Report }",
	year={2015},
	note={DUNE Doc 136}  (2 places) sec 4.2, escav drawings above 5.1, above 6.1
}   


@techreport{lbnf-logistics,
author={LBNF},
title={{LBNF Draft Comprehensive Logistics Report}},
year={2015},
note = {DUNE Doc 423},
}

------------- project management refs -----------

@misc{lbnf-dune-pmp,
author = {{LBNF and DUNE}},
title =  "{Project Management Plan}",
note = {DUNE Doc 117},
}


------------- From FSCF annex (Word) ----------

@techreport{dusel-pdr,
author={DUSEL},
title={{Deep Underground Science and Engineering Laboratory, "Preliminary Design Report"}},
year={2011},
note = {LBNE-doc-2417-v2},
}

@misc{homestake-geol,
author = {{T. J. Campbell}},
title =  "{Synopsis of Homestake Mine Geology}",
note = {\url{http://homestake.sdsmt.edu/Geology/geology.htm}},
}

@techreport{lachel-geotech,
author={Lachel Felice & Associates},
title={{Geotechnical Engineering Services Final Report for 4850L Mapping}},
year={2009},
note = {LBNE-doc-2417-v2},
}

@techreport{golder-10756,
author={Golder Associates},
title={{LBNE Far Site Detector Excavation Conceptual Design: 4850L Liquid Argon (LAr) Reference Design Final Report}},
year={2011},
note = {LBNE-doc-10756},
}

@techreport{golder-10413,
author={Golder Associates},
title={{In Situ Stress Measurement Deep Underground Science and Engineering Laboratory}},
year={2010},
note = {LBNE-doc-10413},
}

@techreport{davis-webb-beaver,
author={A. Davis, C. J. Webb and F. Beaver},
title={{Hydrology of the Proposed National Underground Science Laboratory at the Homestake Mine in Lead, South Dakota}},
year={2003},
}

@misc{space-bank-waiver,
title =  "{LBNE Space Bank Waiver}",
year={2009},
note = {LBNE-doc-3047},
}

@misc{larfd-req,
title =  "{LBNF LAr-FD Requirements Document}",
year={2015},
note = {LBNE-doc-10196},
}

@techreport{arup-30,
author={Arup, USA},
title={{30% Preliminary Design and Documents}},
year={2011},
note = {LBNE-doc-10796},
}


@techreport{depth-doc,
author={},
title={{Report on the Depth Requirements for a Massive Detector at Homestake}},
year={2008},
note = {LBNE-doc-34},
}

@techreport{arup-100-2011-3a,
author={Arup, USA},
title={{LBNF at Sanford Lab: 100% Concept Design Report, Task 3a: LAr at 4850L}},
year={2011},
note = {LBNE-doc-10756},
}

@misc{tiley-fea,
author={G.L.Tiley},
title =  "{Finite Element Analysis}",
}


------------- for Cryo ---------------

@misc{lar-fd-req,
author={{LBNE LAr-FD L2 Project}},
title={{LAr-FD Requirements spreadsheets}},
institution={Fermilab},
note={LBNE Doc 3747},
}

@misc{lar-fd-req-traceback,
author={{LBNE LAr-FD L2 Project}},
title={{LAr-FD Requirements traceback reports}},
institution={Fermilab},
note={LBNE Doc 5185},
}

@misc{lar-fd-params,
author={{DUNE Collaboration and Project}},
title={{LAr-FD Parameter Tables}},
institution={Fermilab},
note={DUNE Doc 158},
}

@misc{cryo-params,
author={{LBNF Project}},
title={{LBNF Cryostat and Cryogenics Parameter Tables}},
institution={Fermilab},
note={DUNE Doc 251},
}
@techreport{docdb4303,
title = "{Cryostat Insulation Purge Design Basis and Sizing}",
author = {M. Adamowski},
institution = {FNAL},
year = {2011},
note = {LBNE Doc 4303}
}

@article{Montanari:2013/06/13aqa,
      author         = "Montanari, David and others",
      title          = "{First scientific application of the membrane cryostat
                        technology.}",
      collaboration  = "LBNE",
      year           = "2013",
      reportNumber   = "FERMILAB-CONF-13-076-PPD",
      SLACcitation   = "%%CITATION = FERMILAB-CONF-13-076-PPD ETC.;%%",
    note = "\url{http://lss.fnal.gov/archive/2013/conf/fermilab-conf-13-076-ppd.pdf}"
}

@misc{feshm,
author={Fermilab},
title={{Fermilab ES\&H Manual }},
institution={Fermilab},
note={\url{http://esh.fnal.gov/xms/FESHM}}
}

----- for update to CDR volume 1 ----

@unpublished{pip2-2013,
author = {P. Derwent and others},
title =  "{Proton Improvement Plan-II}",
year = {2013},
note = "\url{http://projectx-docdb.fnal.gov/cgi-bin/RetrieveFile?docid=1232&filename=1.2%20MW%20Report_Rev5.pdf&version=3}",
}

@misc{p5report2014,
author = {{Particle Physics Project Prioritization Panel}},
title =  "{Building for Discovery; Strategic Plan for U.S. Particle Physics in the Global Context}",
year = {2014},
note = {\url{http://science.energy.gov/~/media/hep/hepap/pdf/May%202014/FINAL_P5_Report_Interactive_060214.pdf}},
}

@Misc{ESPP-2012,
note = "\url{http://espp2012.ifj.edu.pl/index.php}",
}

@article{Huber:2010dx,
      author         = "Huber, Patrick and Kopp, Joachim",
      title          = "{Two experiments for the price of one? -- The role of the
                        second oscillation maximum in long baseline neutrino
                        experiments}",
      journal        = "JHEP",
      volume         = "1103",
      pages          = "013",
      doi            = "10.1007/JHEP03(2011)013, 10.1007/JHEP05(2011)024,
                        10.1007/JHEP03(2011)013 10.1007/JHEP05(2011)024",
      year           = "2011",
      eprint         = "1010.3706",
      archivePrefix  = "arXiv",
      primaryClass   = "hep-ph",
      reportNumber   = "VT-IPNAS-10-15, FERMILAB-PUB-10-415-T",
      SLACcitation   = "%%CITATION = ARXIV:1010.3706;%%",
}

@misc{kearns_isoups,
title = "{Future Experiments for Proton Decay. Presentation at ISOUPS (International Symposium:
                        Opportunities in Underground Physics for Snowmass), Asilomar, 
                        May 2013}",
author = {E. Kearns},
year = {2013},
}

@unpublished{lbnecdr,
author = {{LBNE Collaboration}},
collaboration = {LBNE},
title =  "{The LBNE Conceptual Design Report}",
year = {2012},
note = {LBNE DocDB 5235, 4317, 4724, 4892, 4623, 5017},
}

@Misc{radiate-web,
note = "\url{http://radiate.fnal.gov/}",
}

@techreport{CMP-82,
title = "{LBNF/DUNE Configuration Management Plan}",
author = {{LBNF/DUNE Project}},
institution = {FNAL},
year = {2015},
note = {DUNF Doc 82}
}

@misc{fnal-risk-mgmt,
title = "{Fermilab Risk Management Procedure for Projects}",
note = "\url{http://www.fnal.gov/directorate/OPMO/PolProc/Fermilab-Risk-Management-Procedure-v1-0-Signed.pdf}",
year = {2015},
}